%%%%%%DARK MATTER PACKAGES %%%%%%%%%%%%%%%%%%%%%%%%%%%%%%%%%%%%%%%%

@article{Belanger:2013oya,
      author         = "Belanger, G. and Boudjema, F. and Pukhov, A. and Semenov,
                        A.",
      title          = "{micrOMEGAs$\_3$: A program for calculating dark matter
                        observables}",
      journal        = "Comput. Phys. Commun.",
      volume         = "185",
      year           = "2014",
      pages          = "960-985",
      doi            = "10.1016/j.cpc.2013.10.016",
      eprint         = "1305.0237",
      archivePrefix  = "arXiv",
      primaryClass   = "hep-ph",
      reportNumber   = "LAPTH-023-13",
      SLACcitation   = "%%CITATION = ARXIV:1305.0237;%%"
}


@Article{Belanger:2001fz,
     author    = "Belanger, G. and Boudjema, F. and Pukhov, A. and Semenov,
                  A.",
     title     = "micrOMEGAs: A program for calculating the relic density in
                  the MSSM",
     journal   = "Comput. Phys. Commun.",
     volume    = "149",
     year      = "2002",
     pages     = "103-120",
     eprint    = "hep-ph/0112278",
     SLACcitation  = "%%CITATION = HEP-PH 0112278;%%"
}

@Unpublished{Belanger:2004yn,
     author    = "Belanger, G. and Boudjema, F. and Pukhov, A. and Semenov,
                  A.",
     title     = "MicrOMEGAs: Version 1.3",
     year      = "2004",
     note    = "hep-ph/0405253",
     SLACcitation  = "%%CITATION = HEP-PH 0405253;%%"
}

@article{Belanger:2006is,
      author         = "Belanger, G. and Boudjema, F. and Pukhov, A. and Semenov,
                        A.",
      title          = "{MicrOMEGAs 2.0: A Program to calculate the relic density
                        of dark matter in a generic model}",
      journal        = "Comput. Phys. Commun.",
      volume         = "176",
      year           = "2007",
      pages          = "367-382",
      doi            = "10.1016/j.cpc.2006.11.008",
      eprint         = "hep-ph/0607059",
      archivePrefix  = "arXiv",
      primaryClass   = "hep-ph",
      reportNumber   = "LAPTH-1152-06",
      SLACcitation   = "%%CITATION = HEP-PH/0607059;%%"
}


@article{Belanger:2010gh,
      author         = "Belanger, G. and Boudjema, F. and Brun, P. and Pukhov, A.
                        and Rosier-Lees, S. and Salati, P. and Semenov, A.",
      title          = "{Indirect search for dark matter with micrOMEGAs2.4}",
      journal        = "Comput. Phys. Commun.",
      volume         = "182",
      year           = "2011",
      pages          = "842-856",
      doi            = "10.1016/j.cpc.2010.11.033",
      eprint         = "1004.1092",
      archivePrefix  = "arXiv",
      primaryClass   = "hep-ph",
      reportNumber   = "IRFU-10-24, LAPTH-012-10.",
      SLACcitation   = "%%CITATION = ARXIV:1004.1092;%%"
}

@article{Ackermann:2011wa,
      author         = "Ackermann, M. and others",
      title          = "{Constraining Dark Matter Models from a Combined Analysis
                        of Milky Way Satellites with the Fermi Large Area
                        Telescope}",
      collaboration  = "Fermi-LAT",
      journal        = "Phys. Rev. Lett.",
      volume         = "107",
      year           = "2011",
      pages          = "241302",
      doi            = "10.1103/PhysRevLett.107.241302",
      eprint         = "1108.3546",
      archivePrefix  = "arXiv",
      primaryClass   = "astro-ph.HE",
      reportNumber   = "SLAC-PUB-15004",
      SLACcitation   = "%%CITATION = ARXIV:1108.3546;%%"
}

%%%%%%%%%%%%%%%%% DM consistent models %%%%%%%%%%%%%%%


@article{Deshpande:1977rw,
      author         = "Deshpande, Nilendra G. and Ma, Ernest",
      title          = "{Pattern of Symmetry Breaking with Two Higgs Doublets}",
      journal        = "Phys.Rev.",
      volume         = "D18",
      pages          = "2574",
      doi            = "10.1103/PhysRevD.18.2574",
      year           = "1978",
      reportNumber   = "OITS-81",
      SLACcitation   = "%%CITATION = PHRVA,D18,2574;%%",
}

@article{Dutta:2014kia,
      author         = "Dutta, Bhaskar and Gao, Yu and Kamon, Teruki",
      title          = "{Probing Light Nonthermal Dark Matter at the LHC}",
      journal        = "Phys.Rev.",
      number         = "9",
      volume         = "D89",
      pages          = "096009",
      doi            = "10.1103/PhysRevD.89.096009",
      year           = "2014",
      eprint         = "1401.1825",
      archivePrefix  = "arXiv",
      primaryClass   = "hep-ph",
      reportNumber   = "MIFPA-14-01",
      SLACcitation   = "%%CITATION = ARXIV:1401.1825;%%",
}
@article{Cheung:2013dua,
      author         = "Cheung, Clifford and Sanford, David",
      title          = "{Simplified Models of Mixed Dark Matter}",
      journal        = "JCAP",
      volume         = "1402",
      pages          = "011",
      doi            = "10.1088/1475-7516/2014/02/011",
      year           = "2014",
      eprint         = "1311.5896",
      archivePrefix  = "arXiv",
      primaryClass   = "hep-ph",
      reportNumber   = "CALT-68-2870",
      SLACcitation   = "%%CITATION = ARXIV:1311.5896;%%",
}

@article{Jacques:2015zha,
      author         = "Jacques, Thomas and Nordstrom, Karl",
      title          = "{Mapping monojet constraints onto Simplified Dark Matter
                        Models}",
      year           = "2015",
      eprint         = "1502.05721",
      archivePrefix  = "arXiv",
      primaryClass   = "hep-ph",
      SLACcitation   = "%%CITATION = ARXIV:1502.05721;%%",
}


@article{Racco:2015dxa,
      author         = "Racco, Davide and Wulzer, Andrea and Zwirner, Fabio",
      title          = "{Robust collider limits on heavy-mediator Dark Matter}",
      journal        = "JHEP",
      volume         = "1505",
      pages          = "009",
      doi            = "10.1007/JHEP05(2015)009",
      year           = "2015",
      eprint         = "1502.04701",
      archivePrefix  = "arXiv",
      primaryClass   = "hep-ph",
      reportNumber   = "CERN-PH-TH-2015-014, DFPD-2015-TH-05",
      SLACcitation   = "%%CITATION = ARXIV:1502.04701;%%",
}

@article{Harris:2014hga,
      author         = "Harris, Philip and Khoze, Valentin V. and Spannowsky,
                        Michael and Williams, Ciaran",
      title          = "{Constraining Dark Sectors at Colliders: Beyond the
                        Effective Theory Approach}",
      journal        = "Phys.Rev.",
      number         = "5",
      volume         = "D91",
      pages          = "055009",
      doi            = "10.1103/PhysRevD.91.055009",
      year           = "2015",
      eprint         = "1411.0535",
      archivePrefix  = "arXiv",
      primaryClass   = "hep-ph",
      reportNumber   = "IPPP-14-94, DCPT-14-188",
      SLACcitation   = "%%CITATION = ARXIV:1411.0535;%%",
}

@article{Abdallah:2014hon,
      author         = "Abdallah, Jalal and Ashkenazi, Adi and Boveia, Antonio
                        and Busoni, Giorgio and De Simone, Andrea and others",
      title          = "{Simplified Models for Dark Matter and Missing Energy
                        Searches at the LHC}",
      year           = "2014",
      eprint         = "1409.2893",
      archivePrefix  = "arXiv",
      primaryClass   = "hep-ph",
      reportNumber   = "FERMILAB-FN-0990-PPD",
      SLACcitation   = "%%CITATION = ARXIV:1409.2893;%%",
}

@article{Buchmueller:2014yoa,
      author         = "Buchmueller, Oliver and Dolan, Matthew J. and Malik,
                        Sarah A. and McCabe, Christopher",
      title          = "{Characterising dark matter searches at colliders and
                        direct detection experiments: Vector mediators}",
      journal        = "JHEP",
      volume         = "1501",
      pages          = "037",
      doi            = "10.1007/JHEP01(2015)037",
      year           = "2015",
      eprint         = "1407.8257",
      archivePrefix  = "arXiv",
      primaryClass   = "hep-ph",
      reportNumber   = "IPPP-14-68, DCPT-14-136, SLAC-PUB-16033",
      SLACcitation   = "%%CITATION = ARXIV:1407.8257;%%",
}


@article{Balazs:2014jla,
      author         = "Bal\'azs, Csaba and Li, Tong",
      title          = "{Simplified Dark Matter Models Confront the Gamma Ray
                        Excess}",
      journal        = "Phys.Rev.",
      number         = "5",
      volume         = "D90",
      pages          = "055026",
      doi            = "10.1103/PhysRevD.90.055026",
      year           = "2014",
      eprint         = "1407.0174",
      archivePrefix  = "arXiv",
      primaryClass   = "hep-ph",
      SLACcitation   = "%%CITATION = ARXIV:1407.0174;%%",
}

@article{Busoni:2014haa,
      author         = "Busoni, Giorgio and De Simone, Andrea and Jacques, Thomas
                        and Morgante, Enrico and Riotto, Antonio",
      title          = "{On the Validity of the Effective Field Theory for Dark
                        Matter Searches at the LHC Part III: Analysis for the
                        $t$-channel}",
      journal        = "JCAP",
      volume         = "1409",
      pages          = "022",
      doi            = "10.1088/1475-7516/2014/09/022",
      year           = "2014",
      eprint         = "1405.3101",
      archivePrefix  = "arXiv",
      primaryClass   = "hep-ph",
      SLACcitation   = "%%CITATION = ARXIV:1405.3101;%%",
}

@article{Hamaguchi:2014pja,
      author         = "Hamaguchi, Koichi and Liew, Seng Pei and Moroi, Takeo and
                        Yamamoto, Yasuhiro",
      title          = "{Isospin-Violating Dark Matter with Colored Mediators}",
      journal        = "JHEP",
      volume         = "1405",
      pages          = "086",
      doi            = "10.1007/JHEP05(2014)086",
      year           = "2014",
      eprint         = "1403.0324",
      archivePrefix  = "arXiv",
      primaryClass   = "hep-ph",
      reportNumber   = "UT-14-7, IPMU-14-0045, UG-FT308-14, CAFPE178-14",
      SLACcitation   = "%%CITATION = ARXIV:1403.0324;%%",
}


@article{Berlin:2014cfa,
      author         = "Berlin, Asher and Lin, Tongyan and Wang, Lian-Tao",
      title          = "{Mono-Higgs Detection of Dark Matter at the LHC}",
      journal        = "JHEP",
      volume         = "1406",
      pages          = "078",
      doi            = "10.1007/JHEP06(2014)078",
      year           = "2014",
      eprint         = "1402.7074",
      archivePrefix  = "arXiv",
      primaryClass   = "hep-ph",
      SLACcitation   = "%%CITATION = ARXIV:1402.7074;%%",
}


@article{Bai:2014osa,
      author         = "Bai, Yang and Berger, Joshua",
      title          = "{Lepton Portal Dark Matter}",
      journal        = "JHEP",
      volume         = "1408",
      pages          = "153",
      doi            = "10.1007/JHEP08(2014)153",
      year           = "2014",
      eprint         = "1402.6696",
      archivePrefix  = "arXiv",
      primaryClass   = "hep-ph",
      reportNumber   = "SLAC-PUB-15912",
      SLACcitation   = "%%CITATION = ARXIV:1402.6696;%%",
}


@article{Papucci:2014iwa,
      author         = "Papucci, Michele and Vichi, Alessandro and Zurek, Kathryn
                        M.",
      title          = "{Monojet versus the rest of the world I: t-channel
                        models}",
      journal        = "JHEP",
      volume         = "1411",
      pages          = "024",
      doi            = "10.1007/JHEP11(2014)024",
      year           = "2014",
      eprint         = "1402.2285",
      archivePrefix  = "arXiv",
      primaryClass   = "hep-ph",
      SLACcitation   = "%%CITATION = ARXIV:1402.2285;%%",
}

@article{Busoni:2014sya,
      author         = "Busoni, Giorgio and De Simone, Andrea and Gramling,
                        Johanna and Morgante, Enrico and Riotto, Antonio",
      title          = "{On the Validity of the Effective Field Theory for Dark
                        Matter Searches at the LHC, Part II: Complete Analysis for
                        the $s$-channel}",
      journal        = "JCAP",
      volume         = "1406",
      pages          = "060",
      doi            = "10.1088/1475-7516/2014/06/060",
      year           = "2014",
      eprint         = "1402.1275",
      archivePrefix  = "arXiv",
      primaryClass   = "hep-ph",
      reportNumber   = "SISSA-04-2014-FISI",
      SLACcitation   = "%%CITATION = ARXIV:1402.1275;%%",
}

@article{Buchmueller:2013dya,
      author         = "Buchmueller, O. and Dolan, Matthew J. and McCabe,
                        Christopher",
      title          = "{Beyond Effective Field Theory for Dark Matter Searches
                        at the LHC}",
      journal        = "JHEP",
      volume         = "1401",
      pages          = "025",
      doi            = "10.1007/JHEP01(2014)025",
      year           = "2014",
      eprint         = "1308.6799",
      archivePrefix  = "arXiv",
      primaryClass   = "hep-ph",
      reportNumber   = "IPPP-13-63, DCPT-13-128",
      SLACcitation   = "%%CITATION = ARXIV:1308.6799;%%",
}

@article{Goodman:2010ku,
      author         = "Goodman, Jessica and Ibe, Masahiro and Rajaraman, Arvind
                        and Shepherd, William and Tait, Tim M.P. and others",
      title          = "{Constraints on Dark Matter from Colliders}",
      journal        = "Phys.Rev.",
      volume         = "D82",
      pages          = "116010",
      doi            = "10.1103/PhysRevD.82.116010",
      year           = "2010",
      eprint         = "1008.1783",
      archivePrefix  = "arXiv",
      primaryClass   = "hep-ph",
      reportNumber   = "UCI-HEP-TR-2010-15",
      SLACcitation   = "%%CITATION = ARXIV:1008.1783;%%",
}


% Moretti - Collider Studies
@article{Andreas:2008xy,
      author         = "Andreas, Sarah and Hambye, Thomas and Tytgat, Michel
                        H.G.",
      title          = "{WIMP dark matter, Higgs exchange and DAMA}",
      journal        = "JCAP",
      volume         = "0810",
      pages          = "034",
      doi            = "10.1088/1475-7516/2008/10/034",
      year           = "2008",
      eprint         = "0808.0255",
      archivePrefix  = "arXiv",
      primaryClass   = "hep-ph",
      reportNumber   = "ULB-TH-08-27",
      SLACcitation   = "%%CITATION = ARXIV:0808.0255;%%",
}
% Moretti - Collider Studies
@article{Burgess:2000yq,
      author         = "Burgess, C.P. and Pospelov, Maxim and ter Veldhuis,
                        Tonnis",
      title          = "{The Minimal model of nonbaryonic dark matter: A Singlet
                        scalar}",
      journal        = "Nucl.Phys.",
      volume         = "B619",
      pages          = "709-728",
      doi            = "10.1016/S0550-3213(01)00513-2",
      year           = "2001",
      eprint         = "hep-ph/0011335",
      archivePrefix  = "arXiv",
      primaryClass   = "hep-ph",
      reportNumber   = "TPI-MINN-00-46, UMN-TH-1922-00, MCGILL-00-31,
                        IASSNS-HEP-00-83",
      SLACcitation   = "%%CITATION = HEP-PH/0011335;%%",
}
% SFN
@article{LopezHonorez:2006gr,
      author         = "Lopez Honorez, Laura and Nezri, Emmanuel and Oliver,
                        Josep F. and Tytgat, Michel H.G.",
      title          = "{The Inert Doublet Model: An Archetype for Dark Matter}",
      journal        = "JCAP",
      volume         = "0702",
      pages          = "028",
      doi            = "10.1088/1475-7516/2007/02/028",
      year           = "2007",
      eprint         = "hep-ph/0612275",
      archivePrefix  = "arXiv",
      primaryClass   = "hep-ph",
      reportNumber   = "ULB-TH-06-27",
      SLACcitation   = "%%CITATION = HEP-PH/0612275;%%",
}
% SFN
@article{Dolle:2009fn,
      author         = "Dolle, Ethan M. and Su, Shufang",
      title          = "{The Inert Dark Matter}",
      journal        = "Phys.Rev.",
      volume         = "D80",
      pages          = "055012",
      doi            = "10.1103/PhysRevD.80.055012",
      year           = "2009",
      eprint         = "0906.1609",
      archivePrefix  = "arXiv",
      primaryClass   = "hep-ph",
      SLACcitation   = "%%CITATION = ARXIV:0906.1609;%%",
}
% SFN
@article{Goudelis:2013uca,
      author         = "Goudelis, A. and Herrmann, B. and Stål, O.",
      title          = "{Dark matter in the Inert Doublet Model after the
                        discovery of a Higgs-like boson at the LHC}",
      journal        = "JHEP",
      volume         = "1309",
      pages          = "106",
      doi            = "10.1007/JHEP09(2013)106",
      year           = "2013",
      eprint         = "1303.3010",
      archivePrefix  = "arXiv",
      primaryClass   = "hep-ph",
      reportNumber   = "LAPTH-006-13",
      SLACcitation   = "%%CITATION = ARXIV:1303.3010;%%",
}
% Moretti: Can generate neutrino masses from radiative corrections
% Original 
@article{Ma:2006km,
      author         = "Ma, Ernest",
      title          = "{Verifiable radiative seesaw mechanism of neutrino mass
                        and dark matter}",
      journal        = "Phys.Rev.",
      volume         = "D73",
      pages          = "077301",
      doi            = "10.1103/PhysRevD.73.077301",
      year           = "2006",
      eprint         = "hep-ph/0601225",
      archivePrefix  = "arXiv",
      primaryClass   = "hep-ph",
      reportNumber   = "UCRHEP-T403",
      SLACcitation   = "%%CITATION = HEP-PH/0601225;%%",
}
% Moretti - standard reference - Motivation : an improved naturalness in the IDM (=i2HCM) vs the SM, ie, large radiative corrections from the inert Higgs can 'screen' the SM Higgs contribution to the EW parameter ΔT & Analitical expression for S, T
@article{Barbieri:2006dq,
      author         = "Barbieri, Riccardo and Hall, Lawrence J. and Rychkov,
                        Vyacheslav S.",
      title          = "{Improved naturalness with a heavy Higgs: An Alternative
                        road to LHC physics}",
      journal        = "Phys.Rev.",
      volume         = "D74",
      pages          = "015007",
      doi            = "10.1103/PhysRevD.74.015007",
      year           = "2006",
      eprint         = "hep-ph/0603188",
      archivePrefix  = "arXiv",
      primaryClass   = "hep-ph",
      reportNumber   = "UCB-PTH-06-04, LBNL-59894",
      SLACcitation   = "%%CITATION = HEP-PH/0603188;%%",
}
% Moretti - Motivation : possible embedding in SO(10) (Z2 identified with matter parity (-1)^[3*(B-L)])
@article{Kadastik:2009dj,
      author         = "Kadastik, Mario and Kannike, Kristjan and Raidal, Martti",
      title          = "{Matter parity as the origin of scalar Dark Matter}",
      journal        = "Phys.Rev.",
      volume         = "D81",
      pages          = "015002",
      doi            = "10.1103/PhysRevD.81.015002",
      year           = "2010",
      eprint         = "0903.2475",
      archivePrefix  = "arXiv",
      primaryClass   = "hep-ph",
      SLACcitation   = "%%CITATION = ARXIV:0903.2475;%%",
}
% Moretti - Motivation : possible embedding in UED (Z2 is KK parity) – though the spectrum here is not quite right
@article{Hooper:2007qk,
      author         = "Hooper, Dan and Profumo, Stefano",
      title          = "{Dark matter and collider phenomenology of universal
                        extra dimensions}",
      journal        = "Phys.Rept.",
      volume         = "453",
      pages          = "29-115",
      doi            = "10.1016/j.physrep.2007.09.003",
      year           = "2007",
      eprint         = "hep-ph/0701197",
      archivePrefix  = "arXiv",
      primaryClass   = "hep-ph",
      reportNumber   = "FERMILAB-PUB-07-018-A",
      SLACcitation   = "%%CITATION = HEP-PH/0701197;%%",
}
% % Moretti - Motivation : DM can induce EWSB
@article{Hambye:2007vf,
      author         = "Hambye, Thomas and Tytgat, Michel H.G.",
      title          = "{Electroweak symmetry breaking induced by dark matter}",
      journal        = "Phys.Lett.",
      volume         = "B659",
      pages          = "651-655",
      doi            = "10.1016/j.physletb.2007.11.069",
      year           = "2008",
      eprint         = "0707.0633",
      archivePrefix  = "arXiv",
      primaryClass   = "hep-ph",
      reportNumber   = "ULB-TH-07-26",
      SLACcitation   = "%%CITATION = ARXIV:0707.0633;%%",
}
@article{Arhrib:2013ela,
      author         = "Arhrib, Abdesslam and Tsai, Yue-Lin Sming and Yuan, Qiang
                        and Yuan, Tzu-Chiang",
      title          = "{An Updated Analysis of Inert Higgs Doublet Model in
                        light of the Recent Results from LUX, PLANCK, AMS-02 and
                        LHC}",
      journal        = "JCAP",
      volume         = "1406",
      pages          = "030",
      doi            = "10.1088/1475-7516/2014/06/030",
      year           = "2014",
      eprint         = "1310.0358",
      archivePrefix  = "arXiv",
      primaryClass   = "hep-ph",
      SLACcitation   = "%%CITATION = ARXIV:1310.0358;%%",
}

@article{Ilnicka:2015jba,
      author         = "Ilnicka, Agnieszka and Krawczyk, Maria and Robens, Tania",
      title          = "{The Inert Doublet Model in the light of LHC and
                        astrophysical data -- An Update --}",
      year           = "2015",
      eprint         = "1508.01671",
      archivePrefix  = "arXiv",
      primaryClass   = "hep-ph",
      SLACcitation   = "%%CITATION = ARXIV:1508.01671;%%"
}



@TECHREPORT{HEPMDB,
     AUTHOR       = "https://hepmdb.soton.ac.uk",
     TITLE        = "High Energy Physics Models DataBase",
     TYPE         = "Webpage",
     URL          = "https://hepmdb.soton.ac.uk",
     YEAR         = "2015"}
}
@article{CALCHEP,
      author         = "Belyaev, A. and Christensen N. D. and Pukhov, A.", 
      title          = "{CalcHEP 3.4 for collider physics within and beyond the Standard Model}",
      journal        = "Comput. Phys. Commun. ",
      volume         = "184",
      pages          = "1729",
      doi            = "10.1016/j.cpc.2013.01.014",
      year           = "2013",
      eprint         = "1207.6082",
      archivePrefix  = "arXiv",
      primaryClass   = "hep-ph",
      SLACcitation   = "%%CITATION = ARXIV:1207.6082;%%",
}

%%%%%%%%%%%%%%%
@article{Semenov:2008jy,
      author         = "Semenov, A.",
      title          = "{LanHEP: A Package for the automatic generation of
                        Feynman rules in field theory. Version 3.0}",
      journal        = "Comput. Phys. Commun.",
      volume         = "180",
      year           = "2009",
      pages          = "431-454",
      doi            = "10.1016/j.cpc.2008.10.012",
      eprint         = "0805.0555",
      archivePrefix  = "arXiv",
      primaryClass   = "hep-ph",
      reportNumber   = "LAPTH-1249-08",
      SLACcitation   = "%%CITATION = ARXIV:0805.0555;%%"
}

@article{Semenov:1998eb,
      author         = "Semenov, A.",
      title          = "{LanHEP: A package for automatic generation of Feynman
                        rules from the Lagrangian}",
      journal        = "Comput. Phys. Commun.",
      volume         = "115",
      year           = "1998",
      pages          = "124-139",
      doi            = "10.1016/S0010-4655(98)00143-X",
      SLACcitation   = "%%CITATION = CPHCB,115,124;%%"
}


%%%%%%%%%%%%%%
% Review & Perturbative expansion bound
@article{Branco:2011iw,
      author         = "Branco, G.C. and Ferreira, P.M. and Lavoura, L. and
                        Rebelo, M.N. and Sher, Marc and others",
      title          = "{Theory and phenomenology of two-Higgs-doublet models}",
      journal        = "Phys.Rept.",
      volume         = "516",
      pages          = "1-102",
      doi            = "10.1016/j.physrep.2012.02.002",
      year           = "2012",
      eprint         = "1106.0034",
      archivePrefix  = "arXiv",
      primaryClass   = "hep-ph",
      SLACcitation   = "%%CITATION = ARXIV:1106.0034;%%",
}
% LEP limits 
@article{Lundstrom:2008ai,
      author         = "Lundstrom, Erik and Gustafsson, Michael and Edsjo,
                        Joakim",
      title          = "{The Inert Doublet Model and LEP II Limits}",
      journal        = "Phys.Rev.",
      volume         = "D79",
      pages          = "035013",
      doi            = "10.1103/PhysRevD.79.035013",
      year           = "2009",
      eprint         = "0810.3924",
      archivePrefix  = "arXiv",
      primaryClass   = "hep-ph",
      SLACcitation   = "%%CITATION = ARXIV:0810.3924;%%",
}
% Bounds on invisible and diphoton width of the Higgs
@article{Belanger:2013xza,
      author         = "Belanger, G. and Dumont, B. and Ellwanger, U. and Gunion,
                        J.F. and Kraml, S.",
      title          = "{Global fit to Higgs signal strengths and couplings and
                        implications for extended Higgs sectors}",
      journal        = "Phys.Rev.",
      volume         = "D88",
      pages          = "075008",
      doi            = "10.1103/PhysRevD.88.075008",
      year           = "2013",
      eprint         = "1306.2941",
      archivePrefix  = "arXiv",
      primaryClass   = "hep-ph",
      reportNumber   = "LAPTH-032-13, LPSC1319, LPT-ORSAY-13-40, UCD-2013-3",
      SLACcitation   = "%%CITATION = ARXIV:1306.2941;%%",
}

% Monojet and DM at ATLAS
@article{Diehl:2014dda,
      author         = "Diehl, Edward",
      title          = "{The search for dark matter using monojets and
                        monophotons with the ATLAS detector}",
      collaboration  = "ATLAS",
      journal        = "AIP Conf.Proc.",
      volume         = "1604",
      pages          = "324-330",
      doi            = "10.1063/1.4883448",
      year           = "2014",
      SLACcitation   = "%%CITATION = APCPC,1604,324;%%",
}
% Monojet and DM at CMS : 1
@article{Chatrchyan:2012me,
      author         = "Chatrchyan, Serguei and others",
      title          = "{Search for dark matter and large extra dimensions in
                        monojet events in $pp$ collisions at $\sqrt{s}=7$ TeV}",
      collaboration  = "CMS",
      journal        = "JHEP",
      volume         = "1209",
      pages          = "094",
      doi            = "10.1007/JHEP09(2012)094",
      year           = "2012",
      eprint         = "1206.5663",
      archivePrefix  = "arXiv",
      primaryClass   = "hep-ex",
      reportNumber   = "CMS-EXO-11-059, CERN-PH-EP-2012-168",
      SLACcitation   = "%%CITATION = ARXIV:1206.5663;%%",
}


%%%% H->gamma gamma in the 2IHDM %%%%%%%%%%%%%%%%%%%%%%%%%%%%%%%%%%%%%%%%%%%%
@article{Arhrib:2012ia,
      author         = "Arhrib, Abdesslam and Benbrik, Rachid and Gaur, Naveen",
      title          = "{$H\to \gamma \gamma$ in Inert Higgs Doublet Model}",
      journal        = "Phys. Rev.",
      volume         = "D85",
      year           = "2012",
      pages          = "095021",
      doi            = "10.1103/PhysRevD.85.095021",
      eprint         = "1201.2644",
      archivePrefix  = "arXiv",
      primaryClass   = "hep-ph",
      SLACcitation   = "%%CITATION = ARXIV:1201.2644;%%"
}

%%%%%%%%%%%%% Estimation of oblique electroweak corrections %%%%%%%%%%%%%%%%%%%
@article{PhysRevD.46.381,
  title = {Estimation of oblique electroweak corrections},
  author = {Peskin, Michael E. and Takeuchi, Tatsu},
  journal = {Phys. Rev. D},
  volume = {46},
  issue = {1},
  pages = {381--409},
  numpages = {0},
  year = {1992},
  month = {Jul},
  publisher = {American Physical Society},
  doi = {10.1103/PhysRevD.46.381},
  url = {http://link.aps.org/doi/10.1103/PhysRevD.46.381}
}

%%%%%%%%% HiggsSignals %%%%%%%%%%%%%%%%%%%%%%%%%%%%%%%%%%%%%%%%%%%%%%%%%%%%%%%
@article{Bechtle:2013xfa,
      author         = "Bechtle, Philip and Heinemeyer, Sven and Stal, Oscar and
                        Stefaniak, Tim and Weiglein, Georg",
      title          = "{$HiggsSignals$: Confronting arbitrary Higgs sectors with
                        measurements at the Tevatron and the LHC}",
      journal        = "Eur. Phys. J.",
      volume         = "C74",
      year           = "2014",
      number         = "2",
      pages          = "2711",
      doi            = "10.1140/epjc/s10052-013-2711-4",
      eprint         = "1305.1933",
      archivePrefix  = "arXiv",
      primaryClass   = "hep-ph",
      reportNumber   = "BONN-TH-2013-07, DESY-13-078",
      SLACcitation   = "%%CITATION = ARXIV:1305.1933;%%"
}

%%%%%%%% HiggsBounds %%%%%%%%%%%%%%%%%%%%%%%%%%%%%%%%%%%%%%%%%%%%%%%%%%%%%%%%
@article{Bechtle:2008jh,
      author         = "Bechtle, Philip and Brein, Oliver and Heinemeyer, Sven
                        and Weiglein, Georg and Williams, Karina E.",
      title          = "{HiggsBounds: Confronting Arbitrary Higgs Sectors with
                        Exclusion Bounds from LEP and the Tevatron}",
      journal        = "Comput. Phys. Commun.",
      volume         = "181",
      year           = "2010",
      pages          = "138-167",
      doi            = "10.1016/j.cpc.2009.09.003",
      eprint         = "0811.4169",
      archivePrefix  = "arXiv",
      primaryClass   = "hep-ph",
      reportNumber   = "DCPT-08-172, IPPP-08-86, BONN-TH-2008-17",
      SLACcitation   = "%%CITATION = ARXIV:0811.4169;%%"
}


%%%%%%%%%%%%%%%
@article{Brooijmans:2012yi,
      author         = "Bondarenko, M. and others",
      title          = "{Les Houches 2011: Physics at TeV Colliders New Physics
                        Working Group Report}",
      year           = "2012",
      eprint         = "1203.1488",
      archivePrefix  = "in arXiv",
      primaryClass   = "hep-ph",
      note = "",
      SLACcitation   = "%%CITATION = ARXIV:1203.1488;%%",
}


@article{Ginzburg:2010wa,
      author         = "Ginzburg, I. F. and Kanishev, K. A. and Krawczyk, M. and
                        Sokolowska, D.",
      title          = "{Evolution of Universe to the present inert phase}",
      journal        = "Phys. Rev.",
      volume         = "D82",
      year           = "2010",
      pages          = "123533",
      doi            = "10.1103/PhysRevD.82.123533",
      eprint         = "1009.4593",
      archivePrefix  = "arXiv",
      primaryClass   = "hep-ph",
      SLACcitation   = "%%CITATION = ARXIV:1009.4593;%%"
}

%%%%%%%%%%%%
%%%%%%%%%%% EW precision tests

%%% contains utf-8, see: http://inspirehep.net/info/faq/general#utf8
%%% add \usepackage[utf8]{inputenc} to your latex preamble

@article{Baak:2014ora,
      author         = "Baak, M. and Cuth, J. and Haller, J. and Hoecker, A. and
                        Kogler, R. and Munig, K. and Schott, M. and Stelzer, J.",
      title          = "{The global electroweak fit at NNLO and prospects for the
                        LHC and ILC}",
      collaboration  = "Gfitter Group",
      journal        = "Eur. Phys. J.",
      volume         = "C74",
      year           = "2014",
      pages          = "3046",
      doi            = "10.1140/epjc/s10052-014-3046-5",
      eprint         = "1407.3792",
      archivePrefix  = "arXiv",
      primaryClass   = "hep-ph",
      reportNumber   = "DESY-14-124",
      SLACcitation   = "%%CITATION = ARXIV:1407.3792;%%"
}



%%%%%%%%%%%%%%%%%%%%%%% Relic Density from Planck

@article{Ade:2013zuv,
      author         = "Ade, P. A. R. and others",
      title          = "{Planck 2013 results. XVI. Cosmological parameters}",
      collaboration  = "Planck",
      journal        = "Astron. Astrophys.",
      volume         = "571",
      year           = "2014",
      pages          = "A16",
      doi            = "10.1051/0004-6361/201321591",
      eprint         = "1303.5076",
      archivePrefix  = "arXiv",
      primaryClass   = "astro-ph.CO",
      reportNumber   = "CERN-PH-TH-2013-129",
      SLACcitation   = "%%CITATION = ARXIV:1303.5076;%%"
}



@article{Planck:2015xua,
      author         = "Ade, P.A.R. and others",
      title          = "{Planck 2015 results. XIII. Cosmological parameters}",
      collaboration  = "Planck",
      year           = "2015",
      eprint         = "1502.01589",
      archivePrefix  = "arXiv",
      primaryClass   = "astro-ph.CO",
      SLACcitation   = "%%CITATION = ARXIV:1502.01589;%%",
}


@article{Hinshaw:2012aka,
      author         = "Hinshaw, G. and others",
      title          = "{Nine-Year Wilkinson Microwave Anisotropy Probe (WMAP)
                        Observations: Cosmological Parameter Results}",
      collaboration  = "WMAP",
      journal        = "Astrophys. J. Suppl.",
      volume         = "208",
      year           = "2013",
      pages          = "19",
      doi            = "10.1088/0067-0049/208/2/19",
      eprint         = "1212.5226",
      archivePrefix  = "arXiv",
      primaryClass   = "astro-ph.CO",
      SLACcitation   = "%%CITATION = ARXIV:1212.5226;%%"
}

%%%%%%%%%%%%%% charged Higgs LEP2 limit %%%%%%%%%%%%%
@article{Pierce:2007ut,
      author         = "Pierce, Aaron and Thaler, Jesse",
      title          = "{Natural Dark Matter from an Unnatural Higgs Boson and
                        New Colored Particles at the TeV Scale}",
      journal        = "JHEP",
      volume         = "08",
      year           = "2007",
      pages          = "026",
      doi            = "10.1088/1126-6708/2007/08/026",
      eprint         = "hep-ph/0703056",
      archivePrefix  = "arXiv",
      primaryClass   = "HEP-PH",
      reportNumber   = "MCTP-07-11",
      SLACcitation   = "%%CITATION = HEP-PH/0703056;%%"
}

%invisible higgs boson
@article{CMS:2015dia,
      author         = "CMS Collaboration",
      title          = "{Search for invisible decays of Higgs bosons in the
                        vector boson fusion production mode}",
      collaboration  = "CMS",
      year           = "2015",
      journal        = "CMS-PAS-HIG-14-038",
      reportNumber   = "CMS-PAS-HIG-14-038",
      SLACcitation   = "%%CITATION = CMS-PAS-HIG-14-038;%%"
}

@article{CMS:2015naa,
      author         = "CMS Collaboration",
      title          = "{A combination of searches for the invisible decays of
                        the Higgs boson using the CMS detector}",
      collaboration  = "CMS",
      year           = "2015",
      reportNumber   = "CMS-PAS-HIG-15-012",
      SLACcitation   = "%%CITATION = CMS-PAS-HIG-15-012;%%"
}

@article{Aad:2015txa,
      author         = "Aad, Georges and others",
      title          = "{Search for invisible decays of a Higgs boson using
                        vector-boson fusion in $pp$ collisions at $\sqrt{s}=8$ TeV
                        with the ATLAS detector}",
      collaboration  = "ATLAS",
      year           = "2015",
      eprint         = "1508.07869",
      archivePrefix  = "arXiv",
      primaryClass   = "hep-ex",
      journal        = "CERN-PH-EP-2015-186",
      reportNumber   = "CERN-PH-EP-2015-186",
      SLACcitation   = "%%CITATION = ARXIV:1508.07869;%%"
}

%%%%%%%%%%%%% ATLAS and CMS combination %%%%%%%%%%%%%%%
@article{ATLAS-CMS-2015-HIGGS-COMB,
      key            = "1393544",
      author         = "The ATLAS and CMS Collaborations",
      title          = "{Measurements of the Higgs boson production and decay
                        rates and constraints on its couplings from a combined
                        ATLAS and CMS analysis of the LHC pp collision data at
                        $\sqrt{s}$ = 7 and 8 TeV}",
      year           = "2015",
      journal   = "ATLAS-CONF-2015-044",
      reportNumber   = "ATLAS-CONF-2015-044",
      SLACcitation   = "%%CITATION = ATLAS-CONF-2015-044;%%"
}



### checkmate papers
@article{Drees:2013wra,
      author         = "Drees, Manuel and Dreiner, Herbi and Schmeier, Daniel and
                        Tattersall, Jamie and Kim, Jong Soo",
      title          = "{CheckMATE: Confronting your Favourite New Physics Model
                        with LHC Data}",
      journal        = "Comput. Phys. Commun.",
      volume         = "187",
      year           = "2014",
      pages          = "227-265",
      doi            = "10.1016/j.cpc.2014.10.018",
      eprint         = "1312.2591",
      archivePrefix  = "arXiv",
      primaryClass   = "hep-ph",
      reportNumber   = "ADP-13-29-T849, IFT-UAM-CSIC-13-133,
                        ADP-13-29-T849-IFT-UAM-CSIC-13-133",
      SLACcitation   = "%%CITATION = ARXIV:1312.2591;%%"
}
@article{deFavereau:2013fsa,
      author         = "de Favereau, J. and others",
      title          = "{DELPHES 3, A modular framework for fast simulation of a
                        generic collider experiment}",
      collaboration  = "DELPHES 3",
      journal        = "JHEP",
      volume         = "1402",
      pages          = "057",
      doi            = "10.1007/JHEP02(2014)057",
      year           = "2014",
      eprint         = "1307.6346",
      archivePrefix  = "arXiv",
      primaryClass   = "hep-ex",
      SLACcitation   = "%%CITATION = ARXIV:1307.6346;%%",
}
@article{Cacciari:2011ma,
      author         = "Cacciari, Matteo and Salam, Gavin P. and Soyez, Gregory",
      title          = "{FastJet User Manual}",
      journal        = "Eur. Phys. J.",
      volume         = "C72",
      year           = "2012",
      pages          = "1896",
      doi            = "10.1140/epjc/s10052-012-1896-2",
      eprint         = "1111.6097",
      archivePrefix  = "arXiv",
      primaryClass   = "hep-ph",
      reportNumber   = "CERN-PH-TH-2011-297",
      SLACcitation   = "%%CITATION = ARXIV:1111.6097;%%"
}
@article{Cacciari:2005hq,
      author         = "Cacciari, Matteo and Salam, Gavin P.",
      title          = "{Dispelling the $N^{3}$ myth for the $k\_t$ jet-finder}",
      journal        = "Phys. Lett.",
      volume         = "B641",
      year           = "2006",
      pages          = "57-61",
      doi            = "10.1016/j.physletb.2006.08.037",
      eprint         = "hep-ph/0512210",
      archivePrefix  = "arXiv",
      primaryClass   = "hep-ph",
      reportNumber   = "LPTHE-05-32",
      SLACcitation   = "%%CITATION = HEP-PH/0512210;%%"
}
@article{Cacciari:2008gp,
      author         = "Cacciari, Matteo and Salam, Gavin P. and Soyez, Gregory",
      title          = "{The Anti-k(t) jet clustering algorithm}",
      journal        = "JHEP",
      volume         = "04",
      year           = "2008",
      pages          = "063",
      doi            = "10.1088/1126-6708/2008/04/063",
      eprint         = "0802.1189",
      archivePrefix  = "arXiv",
      primaryClass   = "hep-ph",
      reportNumber   = "LPTHE-07-03",
      SLACcitation   = "%%CITATION = ARXIV:0802.1189;%%"
}
@article{Read:2002hq,
      author         = "Read, Alexander L.",
      title          = "{Presentation of search results: The CL(s) technique}",
      booktitle      = "{Advanced statistical techniques in particle physics.
                        Proceedings, Conference, Durham, UK, March 18-22, 2002}",
      journal        = "J. Phys.",
      volume         = "G28",
      year           = "2002",
      pages          = "2693-2704",
      doi            = "10.1088/0954-3899/28/10/313",
      note           = "[,11(2002)]",
      SLACcitation   = "%%CITATION = JPAGA,G28,2693;%%"
}
@article{Lester:1999tx,
      author         = "Lester, C. G. and Summers, D. J.",
      title          = "{Measuring masses of semiinvisibly decaying particles
                        pair produced at hadron colliders}",
      journal        = "Phys. Lett.",
      volume         = "B463",
      year           = "1999",
      pages          = "99-103",
      doi            = "10.1016/S0370-2693(99)00945-4",
      eprint         = "hep-ph/9906349",
      archivePrefix  = "arXiv",
      primaryClass   = "hep-ph",
      reportNumber   = "CAVENDISH-HEP-99-07",
      SLACcitation   = "%%CITATION = HEP-PH/9906349;%%"
}
@article{Barr:2003rg,
      author         = "Barr, Alan and Lester, Christopher and Stephens, P.",
      title          = "{m(T2): The Truth behind the glamour}",
      journal        = "J. Phys.",
      volume         = "G29",
      year           = "2003",
      pages          = "2343-2363",
      doi            = "10.1088/0954-3899/29/10/304",
      eprint         = "hep-ph/0304226",
      archivePrefix  = "arXiv",
      primaryClass   = "hep-ph",
      reportNumber   = "CAVENDISH-HEP-2002-02-14",
      SLACcitation   = "%%CITATION = HEP-PH/0304226;%%"
}
@article{Cheng:2008hk,
      author         = "Cheng, Hsin-Chia and Han, Zhenyu",
      title          = "{Minimal Kinematic Constraints and m(T2)}",
      journal        = "JHEP",
      volume         = "12",
      year           = "2008",
      pages          = "063",
      doi            = "10.1088/1126-6708/2008/12/063",
      eprint         = "0810.5178",
      archivePrefix  = "arXiv",
      primaryClass   = "hep-ph",
      SLACcitation   = "%%CITATION = ARXIV:0810.5178;%%"
}
### end of checkmate-related papers

#############   Analysis papers ###############
@article{Aad:2014nra,
      author         = "Aad, Georges and others",
      title          = "{Search for pair-produced third-generation squarks
                        decaying via charm quarks or in compressed supersymmetric
                        scenarios in $pp$ collisions at $\sqrt{s}=8~$TeV with the
                        ATLAS detector}",
      collaboration  = "ATLAS",
      journal        = "Phys. Rev.",
      volume         = "D90",
      year           = "2014",
      number         = "5",
      pages          = "052008",
      doi            = "10.1103/PhysRevD.90.052008",
      eprint         = "1407.0608",
      archivePrefix  = "arXiv",
      primaryClass   = "hep-ex",
      reportNumber   = "CERN-PH-EP-2014-141",
      SLACcitation   = "%%CITATION = ARXIV:1407.0608;%%"
}

@article{Khachatryan:2014rra,
      author         = "Khachatryan, Vardan and others",
      title          = "{Search for dark matter, extra dimensions, and
                        unparticles in monojet events in proton–proton
                        collisions at $\sqrt{s} = 8$ TeV}",
      collaboration  = "CMS",
      journal        = "Eur. Phys. J.",
      volume         = "C75",
      year           = "2015",
      number         = "5",
      pages          = "235",
      doi            = "10.1140/epjc/s10052-015-3451-4",
      eprint         = "1408.3583",
      archivePrefix  = "arXiv",
      primaryClass   = "hep-ex",
      reportNumber   = "CMS-EXO-12-048, CERN-PH-EP-2014-164",
      SLACcitation   = "%%CITATION = ARXIV:1408.3583;%%"
}

@article{Aad:2015zva,
      author         = "Aad, Georges and others",
      title          = "{Search for new phenomena in final states with an
                        energetic jet and large missing transverse momentum in pp
                        collisions at $\sqrt{s}=8~$ TeV with the ATLAS detector}",
      collaboration  = "ATLAS",
      journal        = "Eur. Phys. J.",
      volume         = "C75",
      year           = "2015",
      number         = "7",
      pages          = "299",
      doi            = "10.1140/epjc/s10052-015-3517-3",
      eprint         = "1502.01518",
      archivePrefix  = "arXiv",
      primaryClass   = "hep-ex",
      reportNumber   = "CERN-PH-EP-2014-299",
      SLACcitation   = "%%CITATION = ARXIV:1502.01518;%%"
}

@article{ATLAS:2012zim,
      title          = "{Search for New Phenomena in Monojet plus Missing
                        Transverse Momentum Final States using 10fb-1 of pp
                        Collisions at sqrt{s}=8 TeV with the ATLAS detector at the
                        LHC}",
      collaboration  = "ATLAS",
      year           = "2012",
      reportNumber   = "ATLAS-CONF-2012-147",
      SLACcitation   = "%%CITATION = ATLAS-CONF-2012-147;%%"
}

#################################################

@article{Belanger:2015kga,
      author         = "Belanger, Genevieve and Dumont, Beranger and Goudelis,
                        Andreas and Herrmann, Bjorn and Kraml, Sabine and
                        Sengupta, Dipan",
      title          = "{Dilepton constraints in the Inert Doublet Model from Run
                        1 of the LHC}",
      journal        = "Phys. Rev.",
      volume         = "D91",
      year           = "2015",
      number         = "11",
      pages          = "115011",
      doi            = "10.1103/PhysRevD.91.115011",
      eprint         = "1503.07367",
      archivePrefix  = "arXiv",
      primaryClass   = "hep-ph",
      reportNumber   = "LAPTH-015-15, CTPU-15-04, LPSC-15084",
      SLACcitation   = "%%CITATION = ARXIV:1503.07367;%%"
}

@article{Sjostrand:2006za,
      author         = "Sjostrand, Torbjorn and Mrenna, Stephen and Skands, Peter
                        Z.",
      title          = "{PYTHIA 6.4 Physics and Manual}",
      journal        = "JHEP",
      volume         = "05",
      year           = "2006",
      pages          = "026",
      doi            = "10.1088/1126-6708/2006/05/026",
      eprint         = "hep-ph/0603175",
      archivePrefix  = "arXiv",
      primaryClass   = "hep-ph",
      reportNumber   = "FERMILAB-PUB-06-052-CD-T, LU-TP-06-13",
      SLACcitation   = "%%CITATION = HEP-PH/0603175;%%"
}


#################################################
@article{Hall:2009bx,
      author         = "Hall, Lawrence J. and Jedamzik, Karsten and
                        March-Russell, John and West, Stephen M.",
      title          = "{Freeze-In Production of FIMP Dark Matter}",
      journal        = "JHEP",
      volume         = "03",
      year           = "2010",
      pages          = "080",
      doi            = "10.1007/JHEP03(2010)080",
      eprint         = "0911.1120",
      archivePrefix  = "arXiv",
      primaryClass   = "hep-ph",
      reportNumber   = "OUTP-09-18-P, UCB-PTH-09-32",
      SLACcitation   = "%%CITATION = ARXIV:0911.1120;%%"
}

%%%%%%%%%%% Igor's added refs %%%%%%%%%%%%%

@article{Krawczyk:2013jta,
      author         = "Krawczyk, Maria and Sokolowska, Dorota and Swaczyna,
                        Pawel and Swiezewska, Bogumila",
      title          = "{Constraining Inert Dark Matter by $R_{\gamma\gamma}$ and
                        WMAP data}",
      journal        = "JHEP",
      volume         = "09",
      year           = "2013",
      pages          = "055",
      doi            = "10.1007/JHEP09(2013)055",
      eprint         = "1305.6266",
      archivePrefix  = "arXiv",
      primaryClass   = "hep-ph",
      reportNumber   = "IFT-5-2013",
      SLACcitation   = "%%CITATION = ARXIV:1305.6266;%%"
}

@article{Diaz:2015pyv,
      author         = "Diaz, Marco Aurelio and Koch, Benjamin and
                        Urrutia-Quiroga, Sebastian",
      title          = "{Constraints to Dark Matter from Inert Higgs Doublet
                        Model}",
      year           = "2015",
      eprint         = "1511.04429",
      archivePrefix  = "arXiv",
      primaryClass   = "hep-ph",
      SLACcitation   = "%%CITATION = ARXIV:1511.04429;%%"
}

@article{Chakrabarty:2015yia,
      author         = "Chakrabarty, Nabarun and Ghosh, Dilip Kumar and
                        Mukhopadhyaya, Biswarup and Saha, Ipsita",
      title          = "{Dark matter, neutrino masses and high scale validity of
                        an inert Higgs doublet model}",
      journal        = "Phys. Rev.",
      volume         = "D92",
      year           = "2015",
      number         = "1",
      pages          = "015002",
      doi            = "10.1103/PhysRevD.92.015002",
      eprint         = "1501.03700",
      archivePrefix  = "arXiv",
      primaryClass   = "hep-ph",
      reportNumber   = "HRI-RECAPP-2015-001",
      SLACcitation   = "%%CITATION = ARXIV:1501.03700;%%"
}

@article{Khan:2015ipa,
      author         = "Khan, Najimuddin and Rakshit, Subhendu",
      title          = "{Constraints on inert dark matter from the metastability
                        of the electroweak vacuum}",
      journal        = "Phys. Rev.",
      volume         = "D92",
      year           = "2015",
      pages          = "055006",
      doi            = "10.1103/PhysRevD.92.055006",
      eprint         = "1503.03085",
      archivePrefix  = "arXiv",
      primaryClass   = "hep-ph",
      SLACcitation   = "%%CITATION = ARXIV:1503.03085;%%"
}

@article{Gong:2012ri,
      author         = "Gong, Jinn-Ouk and Lee, Hyun Min and Kang, Sin Kyu",
      title          = "{Inflation and dark matter in two Higgs doublet models}",
      journal        = "JHEP",
      volume         = "04",
      year           = "2012",
      pages          = "128",
      doi            = "10.1007/JHEP04(2012)128",
      eprint         = "1202.0288",
      archivePrefix  = "arXiv",
      primaryClass   = "hep-ph",
      reportNumber   = "CERN-PH-TH-2012-024",
      SLACcitation   = "%%CITATION = ARXIV:1202.0288;%%"
}

@article{Arina:2009um,
      author         = "Arina, Chiara and Ling, Fu-Sin and Tytgat, Michel H. G.",
      title          = "{IDM and iDM or The Inert Doublet Model and Inelastic
                        Dark Matter}",
      journal        = "JCAP",
      volume         = "0910",
      year           = "2009",
      pages          = "018",
      doi            = "10.1088/1475-7516/2009/10/018",
      eprint         = "0907.0430",
      archivePrefix  = "arXiv",
      primaryClass   = "hep-ph",
      reportNumber   = "ULB-TH-09-21",
      SLACcitation   = "%%CITATION = ARXIV:0907.0430;%%"
}

@article{Garcia-Cely:2015khw,
      author         = "Garcia-Cely, Camilo and Gustafsson, Michael and Ibarra,
                        Alejandro",
      title          = "{Probing the Inert Doublet Dark Matter Model with
                        Cherenkov Telescopes}",
      journal        = "JCAP",
      volume         = "1602",
      year           = "2016",
      number         = "02",
      pages          = "043",
      doi            = "10.1088/1475-7516/2016/02/043",
      eprint         = "1512.02801",
      archivePrefix  = "arXiv",
      primaryClass   = "hep-ph",
      reportNumber   = "ULB-TH-15-21, TUM-HEP-1030-15",
      SLACcitation   = "%%CITATION = ARXIV:1512.02801;%%"
}
@article{Queiroz:2015utg,
      author         = "Queiroz, Farinaldo S. and Yaguna, Carlos E.",
      title          = "{The CTA aims at the Inert Doublet Model}",
      journal        = "JCAP",
      volume         = "1602",
      year           = "2016",
      number         = "02",
      pages          = "038",
      doi            = "10.1088/1475-7516/2016/02/038",
      eprint         = "1511.05967",
      archivePrefix  = "arXiv",
      primaryClass   = "hep-ph",
      reportNumber   = "CETUP2015-027",
      SLACcitation   = "%%CITATION = ARXIV:1511.05967;%%"
}
@article{Modak:2015uda,
      author         = "Modak, Kamakshya Prasad and Majumdar, Debasish",
      title          = "{Confronting Galactic and Extragalactic $\gamma$-rays
                        Observed by Fermi-lat With Annihilating Dark Matter in an
                        Inert Higgs Doublet Model}",
      journal        = "Astrophys. J. Suppl.",
      volume         = "219",
      year           = "2015",
      number         = "2",
      pages          = "37",
      doi            = "10.1088/0067-0049/219/2/37",
      eprint         = "1502.05682",
      archivePrefix  = "arXiv",
      primaryClass   = "hep-ph",
      SLACcitation   = "%%CITATION = ARXIV:1502.05682;%%"
}

@article{Nezri:2009jd,
      author         = "Nezri, Emmanuel and Tytgat, Michel H. G. and Vertongen,
                        Gilles",
      title          = "{e+ and anti-p from inert doublet model dark matter}",
      journal        = "JCAP",
      volume         = "0904",
      year           = "2009",
      pages          = "014",
      doi            = "10.1088/1475-7516/2009/04/014",
      eprint         = "0901.2556",
      archivePrefix  = "arXiv",
      primaryClass   = "hep-ph",
      reportNumber   = "ULB-TH-08-40",
      SLACcitation   = "%%CITATION = ARXIV:0901.2556;%%"
}
@article{Andreas:2009hj,
      author         = "Andreas, Sarah and Tytgat, Michel H. G. and Swillens,
                        Quentin",
      title          = "{Neutrinos from Inert Doublet Dark Matter}",
      journal        = "JCAP",
      volume         = "0904",
      year           = "2009",
      pages          = "004",
      doi            = "10.1088/1475-7516/2009/04/004",
      eprint         = "0901.1750",
      archivePrefix  = "arXiv",
      primaryClass   = "hep-ph",
      reportNumber   = "ULB-TH-09-02",
      SLACcitation   = "%%CITATION = ARXIV:0901.1750;%%"
}
@article{Agrawal:2008xz,
      author         = "Agrawal, Prateek and Dolle, Ethan M. and Krenke,
                        Christopher A.",
      title          = "{Signals of Inert Doublet Dark Matter in Neutrino
                        Telescopes}",
      journal        = "Phys. Rev.",
      volume         = "D79",
      year           = "2009",
      pages          = "015015",
      doi            = "10.1103/PhysRevD.79.015015",
      eprint         = "0811.1798",
      archivePrefix  = "arXiv",
      primaryClass   = "hep-ph",
      SLACcitation   = "%%CITATION = ARXIV:0811.1798;%%"
}

@article{Ginzburg:2009dp,
      author         = "Ginzburg, I. F. and Ivanov, I. P. and Kanishev, K. A.",
      title          = "{The Evolution of vacuum states and phase transitions in
                        2HDM during cooling of Universe}",
      journal        = "Phys. Rev.",
      volume         = "D81",
      year           = "2010",
      pages          = "085031",
      doi            = "10.1103/PhysRevD.81.085031",
      eprint         = "0911.2383",
      archivePrefix  = "arXiv",
      primaryClass   = "hep-ph",
      SLACcitation   = "%%CITATION = ARXIV:0911.2383;%%"
}
@article{Cottingham:1995cj,
      author         = "Cottingham, W. N. and Hasan, N.",
      title          = "{Two Higgs doublet potential at finite temperature}",
      journal        = "Phys. Rev.",
      volume         = "D51",
      year           = "1995",
      pages          = "866-878",
      doi            = "10.1103/PhysRevD.51.866",
      SLACcitation   = "%%CITATION = PHRVA,D51,866;%%"
}
@article{Turok:1991uc,
      author         = "Turok, Neil and Zadrozny, John",
      title          = "{Phase transitions in the two doublet model}",
      journal        = "Nucl. Phys.",
      volume         = "B369",
      year           = "1992",
      pages          = "729-742",
      doi            = "10.1016/0550-3213(92)90284-I",
      reportNumber   = "PUPT-91-1225",
      SLACcitation   = "%%CITATION = NUPHA,B369,729;%%"
}

@article{Blinov:2015vma,
      author         = "Blinov, Nikita and Profumo, Stefano and Stefaniak, Tim",
      title          = "{The Electroweak Phase Transition in the Inert Doublet
                        Model}",
      journal        = "JCAP",
      volume         = "1507",
      year           = "2015",
      number         = "07",
      pages          = "028",
      doi            = "10.1088/1475-7516/2015/07/028",
      eprint         = "1504.05949",
      archivePrefix  = "arXiv",
      primaryClass   = "hep-ph",
      SLACcitation   = "%%CITATION = ARXIV:1504.05949;%%"
}
@article{Dorsch:2013wja,
      author         = "Dorsch, G. C. and Huber, S. J. and No, J. M.",
      title          = "{A strong electroweak phase transition in the 2HDM after
                        LHC8}",
      journal        = "JHEP",
      volume         = "10",
      year           = "2013",
      pages          = "029",
      doi            = "10.1007/JHEP10(2013)029",
      eprint         = "1305.6610",
      archivePrefix  = "arXiv",
      primaryClass   = "hep-ph",
      SLACcitation   = "%%CITATION = ARXIV:1305.6610;%%"
}
@article{Cline:2013bln,
      author         = "Cline, James M. and Kainulainen, Kimmo",
      title          = "{Improved Electroweak Phase Transition with Subdominant
                        Inert Doublet Dark Matter}",
      journal        = "Phys. Rev.",
      volume         = "D87",
      year           = "2013",
      number         = "7",
      pages          = "071701",
      doi            = "10.1103/PhysRevD.87.071701",
      eprint         = "1302.2614",
      archivePrefix  = "arXiv",
      primaryClass   = "hep-ph",
      SLACcitation   = "%%CITATION = ARXIV:1302.2614;%%"
}
@article{Gil:2012ya,
      author         = "Gil, Grzegorz and Chankowski, Piotr and Krawczyk, Maria",
      title          = "{Inert Dark Matter and Strong Electroweak Phase
                        Transition}",
      journal        = "Phys. Lett.",
      volume         = "B717",
      year           = "2012",
      pages          = "396-402",
      doi            = "10.1016/j.physletb.2012.09.052",
      eprint         = "1207.0084",
      archivePrefix  = "arXiv",
      primaryClass   = "hep-ph",
      reportNumber   = "IFT-3-2012",
      SLACcitation   = "%%CITATION = ARXIV:1207.0084;%%"
}
@article{Borah:2012pu,
      author         = "Borah, Debasish and Cline, James M.",
      title          = "{Inert Doublet Dark Matter with Strong Electroweak Phase
                        Transition}",
      journal        = "Phys. Rev.",
      volume         = "D86",
      year           = "2012",
      pages          = "055001",
      doi            = "10.1103/PhysRevD.86.055001",
      eprint         = "1204.4722",
      archivePrefix  = "arXiv",
      primaryClass   = "hep-ph",
      SLACcitation   = "%%CITATION = ARXIV:1204.4722;%%"
}
@article{Chowdhury:2011ga,
      author         = "Chowdhury, Talal Ahmed and Nemevsek, Miha and Senjanovic,
                        Goran and Zhang, Yue",
      title          = "{Dark Matter as the Trigger of Strong Electroweak Phase
                        Transition}",
      journal        = "JCAP",
      volume         = "1202",
      year           = "2012",
      pages          = "029",
      doi            = "10.1088/1475-7516/2012/02/029",
      eprint         = "1110.5334",
      archivePrefix  = "arXiv",
      primaryClass   = "hep-ph",
      SLACcitation   = "%%CITATION = ARXIV:1110.5334;%%"
}

@article{Krawczyk:2013pea,
      author         = "Krawczyk, Maria and Sokołowska, Dorota and Swaczyna,
                        Pawel and Świeżewska, Bogumila",
      title          = "{Higgs $\to \gamma \gamma $, $Z\gamma $ in the Inert
                        Doublet Model}",
      booktitle      = "{Proceedings, 37th International Conference of
                        Theoretical Physics on Matter to the Deepest: Recent
                        Developments in Physics of Fundamental Interactions}",
      journal        = "Acta Phys. Polon.",
      volume         = "B44",
      year           = "2013",
      number         = "11",
      pages          = "2163-2170",
      doi            = "10.5506/APhysPolB.44.2163",
      eprint         = "1309.7880",
      archivePrefix  = "arXiv",
      primaryClass   = "hep-ph",
      reportNumber   = "IFT-9-2013",
      SLACcitation   = "%%CITATION = ARXIV:1309.7880;%%"
}

@article{Swiezewska:2012eh,
      author         = "Swiezewska, Bogumila and Krawczyk, Maria",
      title          = "{Diphoton rate in the inert doublet model with a 125 GeV
                        Higgs boson}",
      journal        = "Phys. Rev.",
      volume         = "D88",
      year           = "2013",
      number         = "3",
      pages          = "035019",
      doi            = "10.1103/PhysRevD.88.035019",
      eprint         = "1212.4100",
      archivePrefix  = "arXiv",
      primaryClass   = "hep-ph",
      reportNumber   = "IFT-9-2012",
      SLACcitation   = "%%CITATION = ARXIV:1212.4100;%%"
}
@article{Gustafsson:2012aj,
      author         = "Gustafsson, Michael and Rydbeck, Sara and Lopez-Honorez,
                        Laura and Lundstrom, Erik",
      title          = "{Status of the Inert Doublet Model and the Role of
                        multileptons at the LHC}",
      journal        = "Phys. Rev.",
      volume         = "D86",
      year           = "2012",
      pages          = "075019",
      doi            = "10.1103/PhysRevD.86.075019",
      eprint         = "1206.6316",
      archivePrefix  = "arXiv",
      primaryClass   = "hep-ph",
      reportNumber   = "DESY-11-261, ULB-TH-12-08",
      SLACcitation   = "%%CITATION = ARXIV:1206.6316;%%"
}
@article{Miao:2010rg,
      author         = "Miao, Xinyu and Su, Shufang and Thomas, Brooks",
      title          = "{Trilepton Signals in the Inert Doublet Model}",
      journal        = "Phys. Rev.",
      volume         = "D82",
      year           = "2010",
      pages          = "035009",
      doi            = "10.1103/PhysRevD.82.035009",
      eprint         = "1005.0090",
      archivePrefix  = "arXiv",
      primaryClass   = "hep-ph",
      SLACcitation   = "%%CITATION = ARXIV:1005.0090;%%"
}

@article{Aoki:2013lhm,
      author         = "Aoki, Mayumi and Kanemura, Shinya and Yokoya, Hiroshi",
      title          = "{Reconstruction of Inert Doublet Scalars at the
                        International Linear Collider}",
      journal        = "Phys. Lett.",
      volume         = "B725",
      year           = "2013",
      pages          = "302-309",
      doi            = "10.1016/j.physletb.2013.07.011",
      eprint         = "1303.6191",
      archivePrefix  = "arXiv",
      primaryClass   = "hep-ph",
      reportNumber   = "KANAZAWA-13-03, UT-HET-078",
      SLACcitation   = "%%CITATION = ARXIV:1303.6191;%%"
}

%%%%%%%%%%%    Igor's added on November 24   %%%%%%%%%%%%%

@article{Chatrchyan:2012xdj,
      author         = "Chatrchyan, Serguei and others",
      title          = "{Observation of a new boson at a mass of 125 GeV with the
                        CMS experiment at the LHC}",
      collaboration  = "CMS",
      journal        = "Phys. Lett.",
      volume         = "B716",
      year           = "2012",
      pages          = "30-61",
      doi            = "10.1016/j.physletb.2012.08.021",
      eprint         = "1207.7235",
      archivePrefix  = "arXiv",
      primaryClass   = "hep-ex",
      reportNumber   = "CMS-HIG-12-028, CERN-PH-EP-2012-220",
      SLACcitation   = "%%CITATION = ARXIV:1207.7235;%%"
}

@article{Aad:2012tfa,
      author         = "Aad, Georges and others",
      title          = "{Observation of a new particle in the search for the
                        Standard Model Higgs boson with the ATLAS detector at the
                        LHC}",
      collaboration  = "ATLAS",
      journal        = "Phys. Lett.",
      volume         = "B716",
      year           = "2012",
      pages          = "1-29",
      doi            = "10.1016/j.physletb.2012.08.020",
      eprint         = "1207.7214",
      archivePrefix  = "arXiv",
      primaryClass   = "hep-ex",
      reportNumber   = "CERN-PH-EP-2012-218",
      SLACcitation   = "%%CITATION = ARXIV:1207.7214;%%"
}

@article{Alves:2016bib,
      author         = "Alves, Alexandre and Camargo, Daniel A. and Dias, Alex G.
                        and Longas, Robinson and Nishi, Celso C. and Queiroz,
                        Farinaldo S.",
      title          = "{Collider and Dark Matter Searches in the Inert Doublet
                        Model from Peccei-Quinn Symmetry}",
      journal        = "JHEP",
      volume         = "10",
      year           = "2016",
      pages          = "015",
      doi            = "10.1007/JHEP10(2016)015",
      eprint         = "1606.07086",
      archivePrefix  = "arXiv",
      primaryClass   = "hep-ph",
      reportNumber   = "MITP-16-060",
      SLACcitation   = "%%CITATION = ARXIV:1606.07086;%%"
}

@article{Datta:2016nfz,
      author         = "Datta, Amitava and Ganguly, Nabanita and Khan, Najimuddin
                        and Rakshit, Subhendu",
      title          = "{Exploring collider signatures of the inert Higgs doublet
                        model}",
      year           = "2016",
      eprint         = "1610.00648",
      archivePrefix  = "arXiv",
      primaryClass   = "hep-ph",
      SLACcitation   = "%%CITATION = ARXIV:1610.00648;%%"
}

@article{Poulose:2016lvz,
      author         = "Poulose, P. and Sahoo, Shibananda and Sridhar, K.",
      title          = "{Exploring the Inert Doublet Model through the dijet plus
                        missing transverse energy channel at the LHC}",
      year           = "2016",
      eprint         = "1604.03045",
      archivePrefix  = "arXiv",
      primaryClass   = "hep-ph",
      reportNumber   = "TIFR-TH-16-13",
      SLACcitation   = "%%CITATION = ARXIV:1604.03045;%%"
}

@article{Kanemura:2016sos,
      author         = "Kanemura, Shinya and Kikuchi, Mariko and Sakurai, Kodai",
      title          = "{Testing the dark matter scenario in the inert doublet
                        model by future precision measurements of the Higgs boson
                        couplings}",
      year           = "2016",
      eprint         = "1605.08520",
      archivePrefix  = "arXiv",
      primaryClass   = "hep-ph",
      reportNumber   = "UT-HET-114",
      SLACcitation   = "%%CITATION = ARXIV:1605.08520;%%"
}

@article{Hashemi:2016wup,
      author         = "Hashemi, Majid and Najjari, Saereh",
      title          = "{Observability of Inert Scalars at the low luminosity
                        LHC}",
      year           = "2016",
      eprint         = "1611.07827",
      archivePrefix  = "arXiv",
      primaryClass   = "hep-ph",
      SLACcitation   = "%%CITATION = ARXIV:1611.07827;%%"
}


%%%%%%%%%%%%% LUX results %%%%%%%%%%%%%%%%%%%%%%%%%%

@article{Akerib:2013tjd,
      author         = "Akerib, D. S. and others",
      title          = "{First results from the LUX dark matter experiment at the
                        Sanford Underground Research Facility}",
      collaboration  = "LUX",
      journal        = "Phys. Rev. Lett.",
      volume         = "112",
      year           = "2014",
      pages          = "091303",
      doi            = "10.1103/PhysRevLett.112.091303",
      eprint         = "1310.8214",
      archivePrefix  = "arXiv",
      primaryClass   = "astro-ph.CO",
      SLACcitation   = "%%CITATION = ARXIV:1310.8214;%%"
}



%%%%%%%%%%%%%%%%%%%% Diasappearing track at the LHC %%%%%%%%%%%%%%%%%%%%%%%%%%%%

@article{CMS:2014gxa,
      author         = "Khachatryan, V. and others",
      title          = "{Search for disappearing tracks in proton-proton
                        collisions at $ \sqrt{s}=8 $ TeV}",
      collaboration  = "CMS",
      journal        = "JHEP",
      volume         = "01",
      year           = "2015",
      pages          = "096",
      doi            = "10.1007/JHEP01(2015)096",
      eprint         = "1411.6006",
      archivePrefix  = "arXiv",
      primaryClass   = "hep-ex",
      reportNumber   = "CMS-EXO-12-034, CERN-PH-EP-2014-273",
      SLACcitation   = "%%CITATION = ARXIV:1411.6006;%%"
}



@article{Aad:2015qfa,
      author         = "Aad, Georges and others",
      title          = "{Search for metastable heavy charged particles with large
                        ionisation energy loss in pp collisions at $\sqrt{s} = 8$
                         TeV using the ATLAS experiment}",
      collaboration  = "ATLAS",
      journal        = "Eur. Phys. J.",
      volume         = "C75",
      year           = "2015",
      number         = "9",
      pages          = "407",
      doi            = "10.1140/epjc/s10052-015-3609-0",
      eprint         = "1506.05332",
      archivePrefix  = "arXiv",
      primaryClass   = "hep-ex",
      reportNumber   = "CERN-PH-EP-2015-124",
      SLACcitation   = "%%CITATION = ARXIV:1506.05332;%%"
}
%%%%%%%%%%%%%%%%%%%%

%%%%%%%%%%%%%%%%%%%% NNPDF23 %%%%%%%%%%%%%%%%%%%%%%%%%%%%
@article{Ball:2012cx,
      author         = "Ball, Richard D. and others",
      title          = "{Parton distributions with LHC data}",
      journal        = "Nucl. Phys.",
      volume         = "B867",
      year           = "2013",
      pages          = "244-289",
      doi            = "10.1016/j.nuclphysb.2012.10.003",
      eprint         = "1207.1303",
      archivePrefix  = "arXiv",
      primaryClass   = "hep-ph",
      reportNumber   = "EDINBURGH-2012-08, IFUM-FT-997, FR-PHENO-2012-014,
                        RWTH-TTK-12-25, CERN-PH-TH-2012-037, SFB-CPP-12-47",
      SLACcitation   = "%%CITATION = ARXIV:1207.1303;%%"
}

%%%%%%%%%%%%%%% New ATLAS + CMS limits on BR(H->invisible) %%%%%%%%%%%%%%%
@article{Khachatryan:2016vau,
      author         = "Aad, Georges and others",
      title          = "{Measurements of the Higgs boson production and decay
                        rates and constraints on its couplings from a combined
                        ATLAS and CMS analysis of the LHC $pp$ collision data at
                        $\sqrt{s}=$ 7 and 8 TeV}",
      collaboration  = "ATLAS, CMS",
      year           = "2016",
      eprint         = "1606.02266",
      archivePrefix  = "arXiv",
      primaryClass   = "hep-ex",
      reportNumber   = "CERN-EP-2016-100, ATLAS-HIGG-2015-07, CMS-HIG-15-002",
      SLACcitation   = "%%CITATION = ARXIV:1606.02266;%%"
}
%%%%%%%%%%%%%%%%%%%%%%




@article{Goodman:2010yf,
      author         = "Goodman, Jessica and Ibe, Masahiro and Rajaraman, Arvind
                        and Shepherd, William and Tait, Tim M. P. and Yu, Hai-Bo",
      title          = "{Constraints on Light Majorana dark Matter from
                        Colliders}",
      journal        = "Phys. Lett.",
      volume         = "B695",
      year           = "2011",
      pages          = "185-188",
      doi            = "10.1016/j.physletb.2010.11.009",
      eprint         = "1005.1286",
      archivePrefix  = "arXiv",
      primaryClass   = "hep-ph",
      reportNumber   = "UCI-HEP-TR-2010-09",
      SLACcitation   = "%%CITATION = ARXIV:1005.1286;%%"
}

@article{Beltran:2010ww,
      author         = "Beltran, Maria and Hooper, Dan and Kolb, Edward W. and
                        Krusberg, Zosia A. C. and Tait, Tim M. P.",
      title          = "{Maverick dark matter at colliders}",
      journal        = "JHEP",
      volume         = "09",
      year           = "2010",
      pages          = "037",
      doi            = "10.1007/JHEP09(2010)037",
      eprint         = "1002.4137",
      archivePrefix  = "arXiv",
      primaryClass   = "hep-ph",
      reportNumber   = "FERMILAB-PUB-10-092-A",
      SLACcitation   = "%%CITATION = ARXIV:1002.4137;%%"
}

@article{Bai:2010hh,
      author         = "Bai, Yang and Fox, Patrick J. and Harnik, Roni",
      title          = "{The Tevatron at the Frontier of Dark Matter Direct
                        Detection}",
      journal        = "JHEP",
      volume         = "12",
      year           = "2010",
      pages          = "048",
      doi            = "10.1007/JHEP12(2010)048",
      eprint         = "1005.3797",
      archivePrefix  = "arXiv",
      primaryClass   = "hep-ph",
      reportNumber   = "FERMILAB-PUB-10-143-T",
      SLACcitation   = "%%CITATION = ARXIV:1005.3797;%%"
}

@article{Rajaraman:2011wf,
      author         = "Rajaraman, Arvind and Shepherd, William and Tait, Tim M.
                        P. and Wijangco, Alexander M.",
      title          = "{LHC Bounds on Interactions of Dark Matter}",
      journal        = "Phys. Rev.",
      volume         = "D84",
      year           = "2011",
      pages          = "095013",
      doi            = "10.1103/PhysRevD.84.095013",
      eprint         = "1108.1196",
      archivePrefix  = "arXiv",
      primaryClass   = "hep-ph",
      reportNumber   = "UCI-HEP-TR-2011-15",
      SLACcitation   = "%%CITATION = ARXIV:1108.1196;%%"
}

@article{Fox:2011pm,
      author         = "Fox, Patrick J. and Harnik, Roni and Kopp, Joachim and
                        Tsai, Yuhsin",
      title          = "{Missing Energy Signatures of Dark Matter at the LHC}",
      journal        = "Phys. Rev.",
      volume         = "D85",
      year           = "2012",
      pages          = "056011",
      doi            = "10.1103/PhysRevD.85.056011",
      eprint         = "1109.4398",
      archivePrefix  = "arXiv",
      primaryClass   = "hep-ph",
      reportNumber   = "FERMILAB-PUB-11-478-T",
      SLACcitation   = "%%CITATION = ARXIV:1109.4398;%%"
}



@article{Shoemaker:2011vi,
      author         = "Shoemaker, Ian M. and Vecchi, Luca",
      title          = "{Unitarity and Monojet Bounds on Models for DAMA, CoGeNT,
                        and CRESST-II}",
      journal        = "Phys. Rev.",
      volume         = "D86",
      year           = "2012",
      pages          = "015023",
      doi            = "10.1103/PhysRevD.86.015023",
      eprint         = "1112.5457",
      archivePrefix  = "arXiv",
      primaryClass   = "hep-ph",
      reportNumber   = "LA-UR-11-12298",
      SLACcitation   = "%%CITATION = ARXIV:1112.5457;%%"
}

@article{Fox:2012ru,
      author         = "Fox, Patrick J. and Williams, Ciaran",
      title          = "{Next-to-Leading Order Predictions for Dark Matter
                        Production at Hadron Colliders}",
      journal        = "Phys. Rev.",
      volume         = "D87",
      year           = "2013",
      number         = "5",
      pages          = "054030",
      doi            = "10.1103/PhysRevD.87.054030",
      eprint         = "1211.6390",
      archivePrefix  = "arXiv",
      primaryClass   = "hep-ph",
      reportNumber   = "FERMILAB-PUB-12-612-T",
      SLACcitation   = "%%CITATION = ARXIV:1211.6390;%%"
}

@article{Haisch:2012kf,
      author         = "Haisch, Ulrich and Kahlhoefer, Felix and Unwin, James",
      title          = "{The impact of heavy-quark loops on LHC dark matter
                        searches}",
      journal        = "JHEP",
      volume         = "07",
      year           = "2013",
      pages          = "125",
      doi            = "10.1007/JHEP07(2013)125",
      eprint         = "1208.4605",
      archivePrefix  = "arXiv",
      primaryClass   = "hep-ph",
      reportNumber   = "OUTP-12-15P",
      SLACcitation   = "%%CITATION = ARXIV:1208.4605;%%"
}

@article{Fox:2011fx,
      author         = "Fox, Patrick J. and Harnik, Roni and Kopp, Joachim and
                        Tsai, Yuhsin",
      title          = "{LEP Shines Light on Dark Matter}",
      journal        = "Phys. Rev.",
      volume         = "D84",
      year           = "2011",
      pages          = "014028",
      doi            = "10.1103/PhysRevD.84.014028",
      eprint         = "1103.0240",
      archivePrefix  = "arXiv",
      primaryClass   = "hep-ph",
      reportNumber   = "FERMILAB-PUB-11-039-T",
      SLACcitation   = "%%CITATION = ARXIV:1103.0240;%%"
}

@article{Abercrombie:2015wmb,
      author         = "Abercrombie, Daniel and others",
      editor         = "Boveia, Antonio and Doglioni, Caterina and Lowette,
                        Steven and Malik, Sarah and Mrenna, Stephen",
      title          = "{Dark Matter Benchmark Models for Early LHC Run-2
                        Searches: Report of the ATLAS/CMS Dark Matter Forum}",
      year           = "2015",
      eprint         = "1507.00966",
      archivePrefix  = "arXiv",
      primaryClass   = "hep-ex",
      reportNumber   = "FERMILAB-PUB-15-282-CD",
      SLACcitation   = "%%CITATION = ARXIV:1507.00966;%%"
}

@article{Endo:2014mja,
      author         = "Endo, Motoi and Yamamoto, Yasuhiro",
      title          = "{Unitarity Bounds on Dark Matter Effective Interactions
                        at LHC}",
      journal        = "JHEP",
      volume         = "06",
      year           = "2014",
      pages          = "126",
      doi            = "10.1007/JHEP06(2014)126",
      eprint         = "1403.6610",
      archivePrefix  = "arXiv",
      primaryClass   = "hep-ph",
      reportNumber   = "UT-14-11, UG-FT-309-14, CAFPE-179-14",
      SLACcitation   = "%%CITATION = ARXIV:1403.6610;%%"
}

@article{Kahlhoefer:2015bea,
      author         = "Kahlhoefer, Felix and Schmidt-Hoberg, Kai and Schwetz,
                        Thomas and Vogl, Stefan",
      title          = "{Implications of unitarity and gauge invariance for
                        simplified dark matter models}",
      journal        = "JHEP",
      volume         = "02",
      year           = "2016",
      pages          = "016",
      doi            = "10.1007/JHEP02(2016)016",
      eprint         = "1510.02110",
      archivePrefix  = "arXiv",
      primaryClass   = "hep-ph",
      reportNumber   = "DESY-15-182",
      SLACcitation   = "%%CITATION = ARXIV:1510.02110;%%"
}

@article{An:2013xka,
      author         = "An, Haipeng and Wang, Lian-Tao and Zhang, Hao",
      title          = "{Dark matter with $t$-channel mediator: a simple step
                        beyond contact interaction}",
      journal        = "Phys. Rev.",
      volume         = "D89",
      year           = "2014",
      number         = "11",
      pages          = "115014",
      doi            = "10.1103/PhysRevD.89.115014",
      eprint         = "1308.0592",
      archivePrefix  = "arXiv",
      primaryClass   = "hep-ph",
      reportNumber   = "IIT-CAPP-13-06, ANL-HEP-PR-13-38",
      SLACcitation   = "%%CITATION = ARXIV:1308.0592;%%"
}

@article{Abdallah:2015ter,
      author         = "Abdallah, Jalal and others",
      title          = "{Simplified Models for Dark Matter Searches at the LHC}",
      journal        = "Phys. Dark Univ.",
      volume         = "9-10",
      year           = "2015",
      pages          = "8-23",
      doi            = "10.1016/j.dark.2015.08.001",
      eprint         = "1506.03116",
      archivePrefix  = "arXiv",
      primaryClass   = "hep-ph",
      reportNumber   = "FERMILAB-PUB-15-283-CD, CERN-PH-TH-2015-139",
      SLACcitation   = "%%CITATION = ARXIV:1506.03116;%%"
}

@article{Englert:2016joy,
      author         = "Englert, Christoph and McCullough, Matthew and
                        Spannowsky, Michael",
      title          = "{S-Channel Dark Matter Simplified Models and Unitarity}",
      journal        = "Phys. Dark Univ.",
      volume         = "14",
      year           = "2016",
      pages          = "48-56",
      doi            = "10.1016/j.dark.2016.09.002",
      eprint         = "1604.07975",
      archivePrefix  = "arXiv",
      primaryClass   = "hep-ph",
      reportNumber   = "DCPT-16-52, IPPP-16-26, CERN-TH-2016-094",
      SLACcitation   = "%%CITATION = ARXIV:1604.07975;%%"
}

@article{Buchmuller:1985jz,
      author         = "Buchmuller, W. and Wyler, D.",
      title          = "{Effective Lagrangian Analysis of New Interactions and
                        Flavor Conservation}",
      journal        = "Nucl. Phys.",
      volume         = "B268",
      year           = "1986",
      pages          = "621-653",
      doi            = "10.1016/0550-3213(86)90262-2",
      reportNumber   = "CERN-TH-4254/85",
      SLACcitation   = "%%CITATION = NUPHA,B268,621;%%"
}

@article{Arzt:1993gz,
      author         = "Arzt, Christopher",
      title          = "{Reduced effective Lagrangians}",
      journal        = "Phys. Lett.",
      volume         = "B342",
      year           = "1995",
      pages          = "189-195",
      doi            = "10.1016/0370-2693(94)01419-D",
      eprint         = "hep-ph/9304230",
      archivePrefix  = "arXiv",
      primaryClass   = "hep-ph",
      reportNumber   = "UM-TH-92-28",
      SLACcitation   = "%%CITATION = HEP-PH/9304230;%%"
}

@article{Georgi:1991ch,
      author         = "Georgi, Howard",
      title          = "{On-shell effective field theory}",
      journal        = "Nucl. Phys.",
      volume         = "B361",
      year           = "1991",
      pages          = "339-350",
      doi            = "10.1016/0550-3213(91)90244-R",
      reportNumber   = "HUTP-91-A014",
      SLACcitation   = "%%CITATION = NUPHA,B361,339;%%"
}

@article{Grzadkowski:2010es,
      author         = "Grzadkowski, B. and Iskrzynski, M. and Misiak, M. and
                        Rosiek, J.",
      title          = "{Dimension-Six Terms in the Standard Model Lagrangian}",
      journal        = "JHEP",
      volume         = "10",
      year           = "2010",
      pages          = "085",
      doi            = "10.1007/JHEP10(2010)085",
      eprint         = "1008.4884",
      archivePrefix  = "arXiv",
      primaryClass   = "hep-ph",
      reportNumber   = "IFT-9-2010, TTP10-35",
      SLACcitation   = "%%CITATION = ARXIV:1008.4884;%%"
}

@book{Itzykson:1980rh,
      author         = "Itzykson, C. and Zuber, J. B.",
      title          = "{Quantum Field Theory}",
      publisher      = "McGraw-Hill",
      address        = "New York",
      year           = "1980",
      url            = "http://dx.doi.org/10.1063/1.2916419",
      journal        = "New York, Usa: Mcgraw-hill (1980) 705 P.(International
                        Series In Pure and Applied Physics)",
      series         = "International Series In Pure and Applied Physics",
      ISBN           = "9780486445687, 0486445682",
      SLACcitation   = "%%CITATION = INSPIRE-159194;%%"
}

@article{Nishi:2004st,
      author         = "Nishi, C. C.",
      title          = "{Simple derivation of general Fierz-like identities}",
      journal        = "Am. J. Phys.",
      volume         = "73",
      year           = "2005",
      pages          = "1160-1163",
      doi            = "10.1119/1.2074087",
      eprint         = "hep-ph/0412245",
      archivePrefix  = "arXiv",
      primaryClass   = "hep-ph",
      SLACcitation   = "%%CITATION = HEP-PH/0412245;%%"
}


 @article{hepmdb,
      author          = "Bondarenko, M. and Belyaev, A. and Basso, L. and
                         Boos, E. and Bunichev, V. and others",
      title           = "{High Energy Physics Model Database : Towards
                         decoding of the underlying theory (within Les Houches 2011: Physics at
                         TeV Colliders New Physics Working Group Report)}",
      url             = {https://hepmdb.soton.ac.uk},
      year            = "2012",
      eprint          = "1203.1488",
      archivePrefix   = "arXiv",
      primaryClass    = "hep-ph",
}


@misc{hepmdbmodel,
  HowPublished             = {\url{https://hepmdb.soton.ac.uk/index.php?mod=user&act=showmodel&id=166}}
}

@article{Semenov:2010qt,
      author         = "Semenov, A.",
      title          = "{LanHEP - a package for automatic generation of Feynman
                        rules from the Lagrangian. Updated version 3.1}",
      year           = "2010",
      eprint         = "1005.1909",
      archivePrefix  = "arXiv",
      primaryClass   = "hep-ph",
      SLACcitation   = "%%CITATION = ARXIV:1005.1909;%%"
}




@article{Aaboud:2016tnv,
      author         = "Aaboud, Morad and others",
      title          = "{Search for new phenomena in final states with an
                        energetic jet and large missing transverse momentum in
                        $pp$ collisions at $\sqrt{s}=13$ TeV using the ATLAS
                        detector}",
      collaboration  = "ATLAS",
      year           = "2016",
      eprint         = "1604.07773",
      archivePrefix  = "arXiv",
      primaryClass   = "hep-ex",
      reportNumber   = "CERN-EP-2016-075",
      SLACcitation   = "%%CITATION = ARXIV:1604.07773;%%"
}

@article{CMS:2016flr,
      author         = "CMS Collaboration",
      title          = "{Search for new physics in a boosted hadronic monotop
                        final state using $12.9~\mathrm{fb}^{-1}$ of
                        $\sqrt{s}=13~\mathrm{TeV}$ data}",
      journal        = "CMS-PAS-EXO-16-040",
      collaboration  = "CMS",
      year           = "2016",
      reportNumber   = "CMS-PAS-EXO-16-040",
      SLACcitation   = "%%CITATION = CMS-PAS-EXO-16-040;%%"
}

@article{Kumar:2015wya,
      author         = "Kumar, Jason and Marfatia, Danny and Yaylali, David",
      title          = "{Vector dark matter at the LHC}",
      journal        = "Phys. Rev.",
      volume         = "D92",
      year           = "2015",
      number         = "9",
      pages          = "095027",
      doi            = "10.1103/PhysRevD.92.095027",
      eprint         = "1508.04466",
      archivePrefix  = "arXiv",
      primaryClass   = "hep-ph",
      SLACcitation   = "%%CITATION = ARXIV:1508.04466;%%"
}


%%% NLO DM studies %%%%
@article{Backovic:2015soa,
      author         = "Backovi\u0107, Mihailo and Kramer, Michael and Maltoni,
                        Fabio and Martini, Antony and Mawatari, Kentarou and
                        Pellen, Mathieu",
      title          = "{Higher-order QCD predictions for dark matter production
                        at the LHC in simplified models with s-channel mediators}",
      journal        = "Eur. Phys. J.",
      volume         = "C75",
      year           = "2015",
      number         = "10",
      pages          = "482",
      doi            = "10.1140/epjc/s10052-015-3700-6",
      eprint         = "1508.05327",
      archivePrefix  = "arXiv",
      primaryClass   = "hep-ph",
      reportNumber   = "MCNET-15-24, CP3-15-25, TTK-15-19",
      SLACcitation   = "%%CITATION = ARXIV:1508.05327;%%"
}


%%%%%% out DM paper %%%%%%%%%%%%
@article{Barducci:2015ffa,
      author         = "Barducci, Daniele and Belyaev, Alexander and Bharucha,
                        Aoife K. M. and Porod, Werner and Sanz, Veronica",
      title          = "{Uncovering Natural Supersymmetry via the interplay
                        between the LHC and Direct Dark Matter Detection}",
      journal        = "JHEP",
      volume         = "07",
      year           = "2015",
      pages          = "066",
      doi            = "10.1007/JHEP07(2015)066",
      eprint         = "1504.02472",
      archivePrefix  = "arXiv",
      primaryClass   = "hep-ph",
      reportNumber   = "LAPTH-017-15, TUM-HEP-990-15",
      SLACcitation   = "%%CITATION = ARXIV:1504.02472;%%"
}

@article{CMS:2016tns,
      author         = "CMS Collaboration",
      title          = "{Search for dark matter production in association with
                        jets, or hadronically decaying W or Z boson at $\sqrt{s} =
                        13$ TeV}",
      journal   =     "CMS-PAS-EXO-16-013",
      collaboration  = "CMS",
      year           = "2016",
      reportNumber   = "CMS-PAS-EXO-16-013",
      SLACcitation   = "%%CITATION = CMS-PAS-EXO-16-013;%%"
}


%% Technicolor Dark Matter models %%%
@article{Nussinov:1985xr,
      author         = "Nussinov, S.",
      title          = "{Technocosmology: could a technibaryon excess provide a 
                        'natural' missing mass candidate?}",
      journal        = "Phys. Lett.",
      volume         = "B165",
      year           = "1985",
      pages          = "55-58",
      doi            = "10.1016/0370-2693(85)90689-6",
      reportNumber   = "CLNS-85/703",
      SLACcitation   = "%%CITATION = PHLTA,B165,55;%%"
}


@article{Barr:1990ca,
      author         = "Barr, Stephen M. and Chivukula, R. Sekhar and Farhi,
                        Edward",
      title          = "{Electroweak Fermion Number Violation and the Production
                        of Stable Particles in the Early Universe}",
      journal        = "Phys. Lett.",
      volume         = "B241",
      year           = "1990",
      pages          = "387-391",
      doi            = "10.1016/0370-2693(90)91661-T",
      reportNumber   = "NSF-ITP-90-27, BA-90-7, BUHEP-90-6, MIT-CTP-1833",
      SLACcitation   = "%%CITATION = PHLTA,B241,387;%%"
}

@article{Gudnason:2006ug,
      author         = "Gudnason, Sven Bjarke and Kouvaris, Chris and Sannino,
                        Francesco",
      title          = "{Towards working technicolor: Effective theories and dark
                        matter}",
      journal        = "Phys. Rev.",
      volume         = "D73",
      year           = "2006",
      pages          = "115003",
      doi            = "10.1103/PhysRevD.73.115003",
      eprint         = "hep-ph/0603014",
      archivePrefix  = "arXiv",
      primaryClass   = "hep-ph",
      SLACcitation   = "%%CITATION = HEP-PH/0603014;%%"
}

@article{Buckley:2014fba,
      author         = "Buckley, Matthew R. and Feld, David and Goncalves,
                        Dorival",
      title          = "{Scalar Simplified Models for Dark Matter}",
      journal        = "Phys. Rev.",
      volume         = "D91",
      year           = "2015",
      pages          = "015017",
      doi            = "10.1103/PhysRevD.91.015017",
      eprint         = "1410.6497",
      archivePrefix  = "arXiv",
      primaryClass   = "hep-ph",
      reportNumber   = "IPPP-14-92, DCPT-14-184",
      SLACcitation   = "%%CITATION = ARXIV:1410.6497;%%"
}

@Article{Busoni:2013lha,
  Title                    = {{On the Validity of the Effective Field Theory for Dark Matter Searches at the LHC}},
  Author                   = {Busoni, Giorgio and De Simone, Andrea and Morgante, Enrico and Riotto, Antonio},
  Journal                  = {Phys. Lett.},
  Year                     = {2014},
  Pages                    = {412-421},
  Volume                   = {B728},

  Archiveprefix            = {arXiv},
  Doi                      = {10.1016/j.physletb.2013.11.069},
  Eprint                   = {1307.2253},
  Owner                    = {panizzi},
  Primaryclass             = {hep-ph},
  Reportnumber             = {CERN-PH-TH-2013-151, SISSA-29-2013-FISI},
  Slaccitation             = {%%CITATION = ARXIV:1307.2253;%%},
  Timestamp                = {2016.06.09}
}

@Article{Busoni2014a,
  Title                    = {{On the Validity of the Effective Field Theory for Dark Matter Searches at the LHC, Part II: Complete Analysis for the $s$-channel}},
  Author                   = {Busoni, Giorgio and De Simone, Andrea and Gramling, Johanna and Morgante, Enrico and Riotto, Antonio},
  Journal                  = {JCAP},
  Year                     = {2014},
  Pages                    = {060},
  Volume                   = {1406},

  Archiveprefix            = {arXiv},
  Doi                      = {10.1088/1475-7516/2014/06/060},
  Eprint                   = {1402.1275},
  Primaryclass             = {hep-ph},
  Reportnumber             = {SISSA-04-2014-FISI},
  Slaccitation             = {%%CITATION = ARXIV:1402.1275;%%}
}


@article{Belyaev:2016pxe,
      author         = "Belyaev, Alexander and Panizzi, Luca and Pukhov,
                        Alexander and Thomas, Marc",
      title          = "{Dark Matter characterization at the LHC in the Effective
                        Field Theory approach}",
      year           = "2016",
      eprint         = "1610.07545",
      archivePrefix  = "arXiv",
      primaryClass   = "hep-ph",
      SLACcitation   = "%%CITATION = ARXIV:1610.07545;%%"
}

